@online{TMM,
  author = {MultiMedia LLC},
  title = {Trends in Maternal Mortality: 1990 to 2015},
  year = 2015,
  url = {https://www.unfpa.org/publications/trends-maternal-mortality-1990-2015}
}
@online{whoMM,
  author = {WHO},
  title = {Maternal mortality},
  year = 2019,
  url = {https://www.who.int/news-room/fact-sheets/detail/maternal-mortality}
}
@online{unfpareport,
  author = {UNFPA},
  title = {The Social Determinants of Maternal Death and Disability},
  year = 2012,
  url = {https://www.unfpa.org/resources/social-determinants-maternal-death-and-disability}
}
@online{eemstrat,
  author = {WHO},
  title = {Strategies towards ending preventable maternal mortality (EPMM)},
  year = 2015,
  url = {https://apps.who.int/iris/handle/10665/153544}
}
@online{hhsinit,
  author = {ASPE},
  title = {HHS Initiative to Improve Maternal Health},
  url = {https://aspe.hhs.gov/topics/public-health/hhs-initiative-improve-maternal-health}
}
@online{unfpamathlth,
  author = {UNFPA},
  title = {Maternal Health},
  url = {https://www.unfpa.org/maternal-health}
}
@article{anand2004human,
  title={Human resources and health outcomes: cross-country econometric study},
  author={Anand, Sudhir and B{\"a}rnighausen, Till},
  journal={The Lancet},
  volume={364},
  number={9445},
  pages={1603--1609},
  year={2004},
  publisher={Elsevier}
}
@online{worldhealthstat,
  author = {WHO},
  title = {World Health Statistics},
  url = {https://www.who.int/data/gho/publications/world-health-statistics}
}


@online{corrcoeff,
  author = {Jason Fernando},
  title = {Correlation Coefficient},
  url = {https://www.investopedia.com/terms/c/correlationcoefficient.asp}
}
@online{whomathlth,
  author = {WHO},
  title = {Maternal health},
  url = {https://www.who.int/health-topics/maternal-health}
}
@online{infogain,
  title = {Entropy and Information Gain to Build Decision Trees in Machine Learning},
  url = {https://www.section.io/engineering-education/entropy-information-gain-machine-learning/}
}
@online{whoreduce,
  author = {WHO},
  title = {Reducing Maternal Mortality in Developing Countries},
  url = {https://www.givewell.org/international/technical/programs/maternal-mortality}
}
@online{chi2,
  title = {Chi-Square Test for Feature Selection in Machine learning},
  url = {https://towardsdatascience.com/chi-square-test-for-feature-selection-in-machine-learning-206b1f0b8223}
}
@online{bayestheorem,
  title = {Bayes' theorem},
  url = {https://en.wikipedia.org/wiki/Bayes27_theorem}
}

@online{svm,
  title = {Support Vector Machine — Introduction to Machine Learning Algorithms},
  url = {https://towardsdatascience.com/support-vector-machine-introduction-to-machine-learning-algorithms-934a444fca47}
}
@article{huang2007feature,
  title={Feature selection and classification model construction on type 2 diabetic patients’ data},
  author={Huang, Yue and McCullagh, Paul and Black, Norman and Harper, Roy},
  journal={Artificial intelligence in medicine},
  volume={41},
  number={3},
  pages={251--262},
  year={2007},
  publisher={Elsevier}
}
@online{logreg,
  title = {How is Logistic Regression Used as A Classification Algorithm?},
  url = {https://towardsdatascience.com/how-is-logistic-regression-used-as-a-classification-algorithm-51eaf0d01a78}
}
@inproceedings{selvakuberan2011efficient,
  title={An efficient feature selection method for classification in health care systems using machine learning techniques},
  author={Selvakuberan, K and Kayathiri, D and Harini, B and Devi, M Indra},
  booktitle={2011 3rd International Conference on Electronics Computer Technology},
  volume={4},
  pages={223--226},
  year={2011},
  organization={IEEE}
}
@article{ramesh2021improving,
  title={Improving the accuracy of heart attack risk prediction based on information gain feature selection technique},
  author={Ramesh, G and Madhavi, Karanam and Reddy, P Dileep Kumar and Somasekar, J and Tan, Joseph},
  journal={Materials Today: Proceedings},
  year={2021},
  publisher={Elsevier}
}
@article{spencer2020exploring,
  title={Exploring feature selection and classification methods for predicting heart disease},
  author={Spencer, Robinson and Thabtah, Fadi and Abdelhamid, Neda and Thompson, Michael},
  journal={Digital health},
  volume={6},
  pages={2055207620914777},
  year={2020},
  publisher={SAGE Publications Sage UK: London, England}
}